%%%%%%%%%%%%%%%%%%%%%%%%%%%%%%%%%%%%%%%%%%%%%%%%%%%%%
%                                                                   Introduccion
%%%%%%%%%%%%%%%%%%%%%%%%%%%%%%%%%%%%%%%%%%%%%%%%%%%%%

@ARTICLE{1973ApJ...182L..85K,
   author = {{Klebesadel}, R.~W. and {Strong}, I.~B. and {Olson}, R.~A.},
    title = "{Observations of Gamma-Ray Bursts of Cosmic Origin}",
  journal = {\apjl},
     year = 1973,
    month = jun,
   volume = 182,
    pages = {L85},
      doi = {10.1086/181225},
   adsurl = {http://adsabs.harvard.edu/abs/1973ApJ...182L..85K},
  adsnote = {Provided by the SAO/NASA Astrophysics Data System}
}

@book{vedrenne2009gamma,
  title={Gamma-Ray Bursts: The brightest explosions in the Universe},
  author={Vedrenne, G. and Atteia, J.L.},
  isbn={9783540390886},
  series={Springer Praxis Books},
  url={https://books.google.com.mx/books?id=jZHSdrvzz0gC},
  year={2009},
  publisher={Springer Berlin Heidelberg}
}



%%%%%%%%%%%%%%%%%%%%%%%%%%%%%%%%%%%%%%%%%%%%%%%%%%%%%
%                                                                   170817A
%%%%%%%%%%%%%%%%%%%%%%%%%%%%%%%%%%%%%%%%%%%%%%%%%%%%%


%%%%%%%%%%%%%%%%%%%%%%%%%%%%%%%%%%%%%%%%%%%%%%%%%%%%%
%                                                                   GCNs
%%%%%%%%%%%%%%%%%%%%%%%%%%%%%%%%%%%%%%%%%%%%%%%%%%%%%


@ARTICLE{2017GCN.21520....1V,
   author = {{von Kienlin}, A. and {Meegan}, C. and {Goldstein}, A.},
    title = "{GRB 170817A: Fermi GBM detection.}",
  journal = {GRB Coordinates Network, Circular Service, No.~21520, \#1 (2017)},
     year = 2017,
   volume = 21520
}



@ARTICLE{GCNGW...LW,
   author = {{Clasey Essick}, R.},
    title = "{LIGO/Virgo G298048: Fermi GBM trigger 524666471/170817529: LIGO/Virgo Identification of a possible  gravitational-wave counterpart}",
  journal = {GRB Coordinates Network, Circular Service, No.~21505, (2017)},
     year = 2017,
   volume = 21505
}


@ARTICLE{GCNGW...LW2,
   author = {{Connaughton}, V.},
    title = "{LIGO/Virgo G298048: Fermi GBM trigger 170817.529 and LIGO single IFO trigger}",
  journal = {GRB Coordinates Network, Circular Service, No.~21506, (2017)},
     year = 2017,
   volume = 21506
}

@ARTICLE{2017GCN.21520....1V,
   author = {{von Kienlin}, A. and {Meegan}, C. and {Goldstein}, A.},
    title = "{GRB 170817A: Fermi GBM detection.}",
  journal = {GRB Coordinates Network, Circular Service, No.~21520, \#1 (2017)},
     year = 2017,
   volume = 21520
}

@ARTICLE{2017GCN.21520....2V,
   author = {{Rossi}, A.},
    title = "{GW170817/GRB170817A: LBT optical detection.}",
  journal = {GRB Coordinates Network, Circular Service, No.~22763,  (2017)},
     year = 2017,
   volume = 22763
}

%%%%%%%%%%%%%%%%%%%%%%%%%%%%%%%%%%%%%%%%%%%%%%%%%%%%%
%                                                                   Papers
%%%%%%%%%%%%%%%%%%%%%%%%%%%%%%%%%%%%%%%%%%%%%%%%%%%%%

@ARTICLE{2017arXiv171008514F,
   author = {{Fraija}, N. and {De Colle}, F. and {Veres}, P. and {Dichiara}, S. and 
	{Barniol Duran}, R. and {Galvan-Gamez}, A.},
    title = "{The short GRB 170817A: Modelling the off-axis emission and implications on the ejecta magnetization}",
  journal = {arXiv e-prints},
archivePrefix = "arXiv",
   eprint = {1710.08514},
 primaryClass = "astro-ph.HE",
 keywords = {Astrophysics - High Energy Astrophysical Phenomena},
     year = 2017,
    month = oct
}

@ARTICLE{2014ARA&A..52...43B,
       author = {{Berger}, Edo},
        title = "{Short-Duration Gamma-Ray Bursts}",
      journal = {Annual Review of Astronomy and Astrophysics},
     keywords = {Astrophysics - High Energy Astrophysical Phenomena},
         year = 2014,
        month = Aug,
       volume = {52},
        pages = {43-105},
          doi = {10.1146/annurev-astro-081913-035926},
archivePrefix = {arXiv},
       eprint = {1311.2603},
 primaryClass = {astro-ph.HE}
}

@ARTICLE{2017ApJ...848L..12A,
   author = {{Abbott}, B.~P. and {Abbott}, R. and {Abbott}, T.~D. and {Acernese}, F. and 
	{Ackley}, K. and {Adams}, C. and {Adams}, T. and {Addesso}, P. and 
	{Adhikari}, R.~X. and {Adya}, V.~B. and et al.},
    title = "{Multi-messenger Observations of a Binary Neutron Star Merger}",
  journal = {\apjl},
archivePrefix = "arXiv",
   eprint = {1710.05833},
 primaryClass = "astro-ph.HE",
 keywords = {gravitational waves, stars: neutron},
     year = 2017,
    month = oct,
   volume = 848,
      eid = {L12},
    pages = {L12},
      doi = {10.3847/2041-8213/aa91c9}
}


@ARTICLE{2017Sci...358.1556C,
   author = {{Coulter}, D.~A. and {Foley}, R.~J. and {Kilpatrick}, C.~D. and 
	{Drout}, M.~R. and {Piro}, A.~L. and {Shappee}, B.~J. and {Siebert}, M.~R. and 
	{Simon}, J.~D. and {Ulloa}, N. and {Kasen}, D. and {Madore}, B.~F. and 
	{Murguia-Berthier}, A. and {Pan}, Y.-C. and {Prochaska}, J.~X. and 
	{Ramirez-Ruiz}, E. and {Rest}, A. and {Rojas-Bravo}, C.},
    title = "{Swope Supernova Survey 2017a (SSS17a), the optical counterpart to a gravitational wave source}",
  journal = {Science},
archivePrefix = "arXiv",
   eprint = {1710.05452},
 primaryClass = "astro-ph.HE",
     year = 2017,
    month = dec,
   volume = 358,
    pages = {1556-1558},
      doi = {10.1126/science.aap9811},
   adsurl = {http://adsabs.harvard.edu/abs/2017Sci...358.1556C},
  adsnote = {Provided by the SAO/NASA Astrophysics Data System}
}


%%%%%%%%%%%%%%%%%%%%%%%%%%%%%%%%%%%%%%%%%%%%%%%%%%%%%
%                                                                   HAWC 170817A
%%%%%%%%%%%%%%%%%%%%%%%%%%%%%%%%%%%%%%%%%%%%%%%%%%%%%


@ARTICLE{2017ApJ...841..100A,
   author = {{Abeysekara}, A.~U. and {Albert}, A. and {Alfaro}, R. and {Alvarez}, C. and 
	{{\'A}lvarez}, J.~D. and {Arceo}, R. and et. al.},
    title = "{Daily Monitoring of TeV Gamma-Ray Emission from Mrk 421, Mrk 501, and the Crab Nebula with HAWC}",
  journal = {\apj},
archivePrefix = "arXiv",
   eprint = {1703.06968},
 primaryClass = "astro-ph.HE",
 keywords = {acceleration of particles, BL Lacertae objects: individual: Mrk 421, Mrk 501, galaxies: active, gamma rays: general, ISM: individual objects: Crab Nebula},
     year = 2017,
    month = jun,
   volume = 841,
      eid = {100},
    pages = {100},
      doi = {10.3847/1538-4357/aa729e},
   adsurl = {http://adsabs.harvard.edu/abs/2017ApJ...841..100A},
  adsnote = {Provided by the SAO/NASA Astrophysics Data System}
}


@ARTICLE{2017ApJ...843...39A,
   author = {{Abeysekara}, A.~U. and {Albert}, A. and {Alfaro}, R. and {Alvarez}, C. and 
	{{\'A}lvarez}, J.~D. and {Arceo}, R. and {et. al.}.},
    title = "{Observation of the Crab Nebula with the HAWC Gamma-Ray Observatory}",
  journal = {\apj},
archivePrefix = "arXiv",
   eprint = {1701.01778},
 primaryClass = "astro-ph.HE",
 keywords = {acceleration of particles, gamma rays: general, ISM: individual objects: Crab Nebula},
     year = 2017,
    month = jul,
   volume = 843,
      eid = {39},
    pages = {39},
      doi = {10.3847/1538-4357/aa7555},
   adsurl = {http://adsabs.harvard.edu/abs/2017ApJ...843...39A},
  adsnote = {Provided by the SAO/NASA Astrophysics Data System}
}


@ARTICLE{2005ApJ...622..759G,
   author = {{G{\'o}rski}, K.~M. and {Hivon}, E. and {Banday}, A.~J. and 
	{Wandelt}, B.~D. and {Hansen}, F.~K. and {Reinecke}, M. and 
	{Bartelmann}, M.},
    title = "{HEALPix: A Framework for High-Resolution Discretization and Fast Analysis of Data Distributed on the Sphere}",
  journal = {\apj},
   eprint = {astro-ph/0409513},
 keywords = {Cosmology: Cosmic Microwave Background, Cosmology: Observations, Methods: Statistical},
     year = 2005,
    month = apr,
   volume = 622,
    pages = {759-771},
      doi = {10.1086/427976},
   adsurl = {http://adsabs.harvard.edu/abs/2005ApJ...622..759G},
  adsnote = {Provided by the SAO/NASA Astrophysics Data System}
}

@ARTICLE{2017Natur.551...71T,
       author = {{Troja}, E. and {Piro}, L. and {van Eerten}, H. and {Wollaeger}, R.~T. and
         {Im}, M. and {Fox}, O.~D. and {Butler}, N.~R. and {Cenko}, S.~B. and
         {Sakamoto}, T. and {Fryer}, C.~L. and {Ricci}, R. and {Lien}, A. and
         {Ryan}, R.~E. and {Korobkin}, O. and {Lee}, S. -K. and
         {Burgess}, J.~M. and {Lee}, W.~H. and {Watson}, A.~M. and {Choi}, C. and
         {Covino}, S. and {D'Avanzo}, P. and {Fontes}, C.~J. and
         {Gonz{\'a}lez}, J. Becerra and {Khandrika}, H.~G. and {Kim}, J. and
         {Kim}, S. -L. and {Lee}, C. -U. and {Lee}, H.~M. and {Kutyrev}, A. and
         {Lim}, G. and {S{\'a}nchez-Ram{\'\i}rez}, R. and {Veilleux}, S. and
         {Wieringa}, M.~H. and {Yoon}, Y.},
        title = "{The X-ray counterpart to the gravitational-wave event GW170817}",
      journal = {\nat},
     keywords = {Astrophysics - High Energy Astrophysical Phenomena},
         year = "2017",
        month = "Nov",
       volume = {551},
        pages = {71-74},
          doi = {10.1038/nature24290},
archivePrefix = {arXiv},
       eprint = {1710.05433},
 primaryClass = {astro-ph.HE},
       adsurl = {https://ui.adsabs.harvard.edu/\#abs/2017Natur.551...71T},
      adsnote = {Provided by the SAO/NASA Astrophysics Data System}
}

@ARTICLE{2017Sci...358.1579H,
   author = {{Hallinan}, G. and {Corsi}, A. and {Mooley}, K.~P. and {Hotokezaka}, K. and 
	{Nakar}, E. and {Kasliwal}, M.~M. and {Kaplan}, D.~L. and {Frail}, D.~A. and 
	{Myers}, S.~T. and {Murphy}, T. and {De}, K. and {Dobie}, D. and 
	{Allison}, J.~R. and {Bannister}, K.~W. and {Bhalerao}, V. and 
	{Chandra}, P. and {Clarke}, T.~E. and {Giacintucci}, S. and 
	{Ho}, A.~Y.~Q. and {Horesh}, A. and {Kassim}, N.~E. and {Kulkarni}, S.~R. and 
	{Lenc}, E. and {Lockman}, F.~J. and {Lynch}, C. and {Nichols}, D. and 
	{Nissanke}, S. and {Palliyaguru}, N. and {Peters}, W.~M. and 
	{Piran}, T. and {Rana}, J. and {Sadler}, E.~M. and {Singer}, L.~P.
	},
    title = "{A radio counterpart to a neutron star merger}",
  journal = {Science},
archivePrefix = "arXiv",
   eprint = {1710.05435},
 primaryClass = "astro-ph.HE",
     year = 2017,
    month = dec,
   volume = 358,
    pages = {1579-1583},
      doi = {10.1126/science.aap9855},
   adsurl = {http://adsabs.harvard.edu/abs/2017Sci...358.1579H},
  adsnote = {Provided by the SAO/NASA Astrophysics Data System}
}


@ARTICLE{2018A&A...613L...1D,
       author = {{D'Avanzo}, P. and {Campana}, S. and {Salafia}, O.~S. and {Ghirland
        a}, G. and {Ghisellini}, G. and {Melandri}, A. and {Bernardini}, M.~G. and
         {Branchesi}, M. and {Chassande-Mottin}, E. and {Covino}, S. and
         {D'Elia}, V. and {Nava}, L. and {Salvaterra}, R. and {Tagliaferri}, G. and
         {Vergani}, S.~D.},
        title = "{The evolution of the X-ray afterglow emission of GW 170817/ GRB 170817A in XMM-Newton observations}",
      journal = {\aap},
     keywords = {gravitational waves, gamma rays: general, Astrophysics - High Energy Astrophysical Phenomena},
         year = "2018",
        month = "May",
       volume = {613},
          eid = {L1},
        pages = {L1},
          doi = {10.1051/0004-6361/201832664},
archivePrefix = {arXiv},
       eprint = {1801.06164},
 primaryClass = {astro-ph.HE},
       adsurl = {https://ui.adsabs.harvard.edu/\#abs/2018A&A...613L...1D},
      adsnote = {Provided by the SAO/NASA Astrophysics Data System}
}

@ARTICLE{2018ApJ...856L..18M,
       author = {{Margutti}, R. and {Alexander}, K.~D. and {Xie}, X. and {Sironi}, L. and
         {Metzger}, B.~D. and {Kathirgamaraju}, A. and {Fong}, W. and
         {Blanchard}, P.~K. and {Berger}, E. and {MacFadyen}, A. and
         {Giannios}, D. and {Guidorzi}, C. and {Hajela}, A. and {Chornock}, R. and
         {Cowperthwaite}, P.~S. and {Eftekhari}, T. and {Nicholl}, M. and
         {Villar}, V.~A. and {Williams}, P.~K.~G. and {Zrake}, J.},
        title = "{The Binary Neutron Star Event LIGO/Virgo GW170817 160 Days after Merger: Synchrotron Emission across the Electromagnetic Spectrum}",
      journal = {\apj},
     keywords = {gravitational waves, Astrophysics - High Energy Astrophysical Phenomena},
         year = "2018",
        month = "Mar",
       volume = {856},
          eid = {L18},
        pages = {L18},
          doi = {10.3847/2041-8213/aab2ad},
archivePrefix = {arXiv},
       eprint = {1801.03531},
 primaryClass = {astro-ph.HE},
       adsurl = {https://ui.adsabs.harvard.edu/\#abs/2018ApJ...856L..18M},
      adsnote = {Provided by the SAO/NASA Astrophysics Data System}
}

@ARTICLE{2017ApJ...843...39A,
   author = {{Abeysekara}, A.~U. and {Albert}, A. and {Alfaro}, R. and {Alvarez}, C. and 
	{{\'A}lvarez}, J.~D. and {Arceo}, R. and {Arteaga-Vel{\'a}zquez}, J.~C. and 
	{Ayala Solares}, H.~A. and {Barber}, A.~S. and {Bautista-Elivar}, N. and 
	{Becerril}, A. and {Belmont-Moreno}, E. and {BenZvi}, S.~Y. and 
	{Berley}, D. and {Braun}, J. and {Brisbois}, C. and {Caballero-Mora}, K.~S. and 
	{Capistr{\'a}n}, T. and {Carrami{\~n}ana}, A. and {Casanova}, S. and 
	{Castillo}, M. and {Cotti}, U. and {Cotzomi}, J. and {Couti{\~n}o de Le{\'o}n}, S. and 
	{de la Fuente}, E. and {De Le{\'o}n}, C. and {DeYoung}, T. and 
	{Dingus}, B.~L. and {DuVernois}, M.~A. and {D{\'{\i}}az-V{\'e}lez}, J.~C. and 
	{Ellsworth}, R.~W. and {Fiorino}, D.~W. and {Fraija}, N. and 
	{Garc{\'{\i}}a-Gonz{\'a}lez}, J.~A. and {Gerhardt}, M. and {Gonz{\'a}lez Mun{\"o}z}, A. and 
	{Gonz{\'a}lez}, M.~M. and {Goodman}, J.~A. and {Hampel-Arias}, Z. and 
	{Harding}, J.~P. and {Hernandez}, S. and {Hernandez-Almada}, A. and 
	{Hinton}, J. and {Hui}, C.~M. and {H{\"u}ntemeyer}, P. and {Iriarte}, A. and 
	{Jardin-Blicq}, A. and {Joshi}, V. and {Kaufmann}, S. and {Kieda}, D. and 
	{Lara}, A. and {Lauer}, R.~J. and {Lee}, W.~H. and {Lennarz}, D. and 
	{Le{\'o}n Vargas}, H. and {Linnemann}, J.~T. and {Longinotti}, A.~L. and 
	{Raya}, G.~L. and {Luna-Garc{\'{\i}}a}, R. and {L{\'o}pez-Coto}, R. and 
	{Malone}, K. and {Marinelli}, S.~S. and {Martinez}, O. and {Martinez-Castellanos}, I. and 
	{Mart{\'{\i}}nez-Castro}, J. and {Mart{\'{\i}}nez-Huerta}, H. and 
	{Matthews}, J.~A. and {Miranda-Romagnoli}, P. and {Moreno}, E. and 
	{Mostaf{\'a}}, M. and {Nellen}, L. and {Newbold}, M. and {Nisa}, M.~U. and 
	{Noriega-Papaqui}, R. and {Pelayo}, R. and {Pretz}, J. and {P{\'e}rez-P{\'e}rez}, E.~G. and 
	{Ren}, Z. and {Rho}, C.~D. and {Rivi{\`e}re}, C. and {Rosa-Gonz{\'a}lez}, D. and 
	{Rosenberg}, M. and {Ruiz-Velasco}, E. and {Salazar}, H. and 
	{Salesa Greus}, F. and {Sandoval}, A. and {Schneider}, M. and 
	{Schoorlemmer}, H. and {Sinnis}, G. and {Smith}, A.~J. and {Springer}, R.~W. and 
	{Surajbali}, P. and {Taboada}, I. and {Tibolla}, O. and {Tollefson}, K. and 
	{Torres}, I. and {Ukwatta}, T.~N. and {Villase{\~n}or}, L. and 
	{Weisgarber}, T. and {Westerhoff}, S. and {Wisher}, I.~G. and 
	{Wood}, J. and {Yapici}, T. and {Yodh}, G.~B. and {Younk}, P.~W. and 
	{Zepeda}, A. and {Zhou}, H.},
    title = "{Observation of the Crab Nebula with the HAWC Gamma-Ray Observatory}",
  journal = {\apj},
archivePrefix = "arXiv",
   eprint = {1701.01778},
 primaryClass = "astro-ph.HE",
 keywords = {acceleration of particles, gamma rays: general, ISM: individual objects: Crab Nebula},
     year = 2017,
    month = jul,
   volume = 843,
      eid = {39},
    pages = {39},
      doi = {10.3847/1538-4357/aa7555},
   adsurl = {http://adsabs.harvard.edu/abs/2017ApJ...843...39A},
  adsnote = {Provided by the SAO/NASA Astrophysics Data System}
}


@ARTICLE{2003ApJ...595..803A,
   author = {{Atkins}, R. and {Benbow}, W. and {Berley}, D. and {Blaufuss}, E. and 
	{Bussons}, J. and {Coyne}, D.~G. and {Delay}, R.~S. and {De Young}, T. and 
	{Dingus}, B.~L. and {Dorfan}, D.~E. and {Ellsworth}, R.~W. and 
	{Falcone}, A. and {Fleysher}, L. and {Fleysher}, R. and {Gisler}, G. and 
	{Gonzalez}, M.~M. and {Goodman}, J.~A. and {Haines}, T.~J. and 
	{Hays}, E. and {Hoffman}, C.~M. and {Kelley}, L.~A. and {Laird}, R.~W. and 
	{McCullough}, J. and {McEnery}, J.~E. and {Miller}, R.~S. and 
	{Mincer}, A.~I. and {Morales}, M.~F. and {Nemethy}, P. and {Noyes}, D. and 
	{Ryan}, J.~M. and {Samuelson}, F.~W. and {Schneider}, M. and 
	{Shen}, B. and {Shoup}, A. and {Sinnis}, G. and {Smith}, A.~J. and 
	{Sullivan}, G.~W. and {Tumer}, O.~T. and {Wang}, K. and {Wascko}, M. and 
	{Williams}, D.~A. and {Westerhoff}, S. and {Wilson}, M.~E. and 
	{Xu}, X. and {Yodh}, G.~B.},
    title = "{Observation of TeV Gamma Rays from the Crab Nebula with Milagro Using a New Background Rejection Technique}",
  journal = {\apj},
   eprint = {astro-ph/0305308},
 keywords = {Gamma Rays: Observations, Instrumentation: Detectors, ISM: Individual: Name: Crab Nebula, Stars: Neutron, ISM: Supernova Remnants},
     year = 2003,
    month = oct,
   volume = 595,
    pages = {803-811},
      doi = {10.1086/377498},
   adsurl = {http://adsabs.harvard.edu/abs/2003ApJ...595..803A},
  adsnote = {Provided by the SAO/NASA Astrophysics Data System}
}

@ARTICLE{1998PhRvD..57.3873F,
   author = {{Feldman}, G.~J. and {Cousins}, R.~D.},
    title = "{Unified approach to the classical statistical analysis of small signals}",
  journal = {\prd},
   eprint = {physics/9711021},
 keywords = {Measurement and error theory, Neutrino mass and mixing},
     year = 1998,
    month = apr,
   volume = 57,
    pages = {3873-3889},
      doi = {10.1103/PhysRevD.57.3873},
   adsurl = {http://adsabs.harvard.edu/abs/1998PhRvD..57.3873F},
  adsnote = {Provided by the SAO/NASA Astrophysics Data System}
}
@ARTICLE{2017ApJ...843...40A,
   author = {{Abeysekara}, A.~U. and {Albert}, A. and {Alfaro}, R. and {Alvarez}, C. and 
	{{\'A}lvarez}, J.~D. and {Arceo}, R. and {Arteaga-Vel{\'a}zquez}, J.~C. and 
	{Ayala Solares}, H.~A. and {Barber}, A.~S. and {Baughman}, B. and 
	{Bautista-Elivar}, N. and {Becerra Gonzalez}, J. and {Becerril}, A. and 
	{Belmont-Moreno}, E. and {BenZvi}, S.~Y. and {Berley}, D. and 
	{Bernal}, A. and {Braun}, J. and {Brisbois}, C. and {Caballero-Mora}, K.~S. and 
	{Capistr{\'a}n}, T. and {Carrami{\~n}ana}, A. and {Casanova}, S. and 
	{Castillo}, M. and {Cotti}, U. and {Cotzomi}, J. and {Couti{\~n}o de Le{\'o}n}, S. and 
	{de la Fuente}, E. and {De Le{\'o}n}, C. and {Diaz Hernandez}, R. and 
	{Dingus}, B.~L. and {DuVernois}, M.~A. and {D{\'{\i}}az-V{\'e}lez}, J.~C. and 
	{Ellsworth}, R.~W. and {Engel}, K. and {Fiorino}, D.~W. and 
	{Fraija}, N. and {Garc{\'{\i}}a-Gonz{\'a}lez}, J.~A. and {Garfias}, F. and 
	{Gerhardt}, M. and {Gonz{\'a}lez Mu{\~n}oz}, A. and {Gonz{\'a}lez}, M.~M. and 
	{Goodman}, J.~A. and {Hampel-Arias}, Z. and {Harding}, J.~P. and 
	{Hernandez}, S. and {Hernandez-Almada}, A. and {Hinton}, J. and 
	{Hui}, C.~M. and {H{\"u}ntemeyer}, P. and {Iriarte}, A. and 
	{Jardin-Blicq}, A. and {Joshi}, V. and {Kaufmann}, S. and {Kieda}, D. and 
	{Lara}, A. and {Lauer}, R.~J. and {Lee}, W.~H. and {Lennarz}, D. and 
	{Le{\'o}n Vargas}, H. and {Linnemann}, J.~T. and {Longinotti}, A.~L. and 
	{Raya}, G.~L. and {Luna-Garc{\'{\i}}a}, R. and {L{\'o}pez-Coto}, R. and 
	{Malone}, K. and {Marinelli}, S.~S. and {Martinez}, O. and {Martinez-Castellanos}, I. and 
	{Mart{\'{\i}}nez-Castro}, J. and {Mart{\'{\i}}nez-Huerta}, H. and 
	{Matthews}, J.~A. and {Miranda-Romagnoli}, P. and {Moreno}, E. and 
	{Mostaf{\'a}}, M. and {Nellen}, L. and {Newbold}, M. and {Nisa}, M.~U. and 
	{Noriega-Papaqui}, R. and {Pelayo}, R. and {Pretz}, J. and {P{\'e}rez-P{\'e}rez}, E.~G. and 
	{Ren}, Z. and {Rho}, C.~D. and {Rivi{\`e}re}, C. and {Rosa-Gonz{\'a}lez}, D. and 
	{Rosenberg}, M. and {Ruiz-Velasco}, E. and {Salazar}, H. and 
	{Salesa Greus}, F. and {Sandoval}, A. and {Schneider}, M. and 
	{Schoorlemmer}, H. and {Sinnis}, G. and {Smith}, A.~J. and {Springer}, R.~W. and 
	{Surajbali}, P. and {Taboada}, I. and {Tibolla}, O. and {Tollefson}, K. and 
	{Torres}, I. and {Ukwatta}, T.~N. and {Vianello}, G. and {Villase{\~n}or}, L. and 
	{Weisgarber}, T. and {Westerhoff}, S. and {Wisher}, I.~G. and 
	{Wood}, J. and {Yapici}, T. and {Younk}, P.~W. and {Zepeda}, A. and 
	{Zhou}, H.},
    title = "{The 2HWC HAWC Observatory Gamma-Ray Catalog}",
  journal = {\apj},
archivePrefix = "arXiv",
   eprint = {1702.02992},
 primaryClass = "astro-ph.HE",
 keywords = {catalogs, gamma rays: general, surveys},
     year = 2017,
    month = jul,
   volume = 843,
      eid = {40},
    pages = {40},
      doi = {10.3847/1538-4357/aa7556},
   adsurl = {http://adsabs.harvard.edu/abs/2017ApJ...843...40A},
  adsnote = {Provided by the SAO/NASA Astrophysics Data System}
}

